@article{horgan2018distributed,
AUTHOR="Horgan, D., Quan, J., Budden, D., Barth-Maron, G., Hessel,
M., van Hasselt, H., and Silver, D.",
TITLE="Distributed Prioritized Experience Replay",
YEAR="2018",
}
